% This file was created with JabRef 2.9.2.
% Encoding: Cp1252

@ARTICLE{greenwade93,
  author = {George D. Greenwade},
  title = {The {C}omprehensive {T}ex {A}rchive {N}etwork ({CTAN})},
  journal = {TUGBoat},
  year = {1993},
  volume = {14},
  pages = {342--351},
  number = {3}
}

@ARTICLE{scr2009,
  author = {Loiacono, Daniele and Lanzi, Pier Luca and Togelius, Julian and Onieva,
	Enrique and Pelta, David A and Butz, Martin V and L{\"o}nneker, Thies
	D and Cardamone, Luigi and Perez, Diego and S{\'a}ez, Yago and others},
  title = {The 2009 simulated car racing championship},
  journal = {Computational Intelligence and AI in Games, IEEE Transactions on},
  year = {2010},
  volume = {2},
  pages = {131--147},
  number = {2},
  publisher = {IEEE}
}

