% This file was created with JabRef 2.9.2.
% Encoding: Cp1252

@BOOK{TANENBAUM2007,
  title = {SISTEMAS DISTRIBUÍDOS PRINCIPIOS E PARADIGMAS 2ª EDIÇÃO},
  publisher = {SÃO PAULO},
  year = {2007},
  editor = {PEARSON PRENTICE HALL},
  author = {ANDREW S. TANENBAUM, MAARTEN VAN STEEN},
  owner = {Rogerio},
  timestamp = {2013.08.20}
}

@ARTICLE{Arksey2005,
  author = {Arksey, Hilary and O'Malley, Lisa},
  title = {{Scoping studies: towards a methodological framework}},
  journal = {International Journal of Social Research Methodology},
  year = {2005},
  volume = {8},
  pages = {19--32},
  number = {1},
  month = feb,
  booktitle = {International Journal of Social Research Methodology},
  citeulike-article-id = {160687},
  citeulike-linkout-0 = {http://dx.doi.org/10.1080/1364557032000119616},
  citeulike-linkout-1 = {http://www.ingentaconnect.com/content/tandf/tsrm/2005/00000008/00000001/art00002},
  citeulike-linkout-2 = {http://www.tandfonline.com/doi/abs/10.1080/1364557032000119616},
  day = {1},
  doi = {10.1080/1364557032000119616},
  issn = {1364-5579},
  keywords = {rapid, reviews, scoping},
  posted-at = {2013-07-19 11:22:31},
  priority = {2},
  publisher = {Routledge},
  url = {http://dx.doi.org/10.1080/1364557032000119616}
}

@BOOK{bass2003software,
  title = {Software Architecture in Practice},
  publisher = {Pearson Education},
  year = {2003},
  author = {Bass, L. and Clements, P. and Kazman, R.},
  isbn = {9780321680419}
}

@BOOK{Bertino2010,
  title = {Security for Web Services and Service-Oriented Architectures},
  publisher = {Springer},
  year = {2010},
  author = {Elisa Bertino and Lorenzo Martino and Federica Paci and Anna Cinzia
	Squicciarini},
  pages = {I-XII, 1-226},
  bibsource = {DBLP, http://dblp.uni-trier.de},
  ee = {http://dx.doi.org/10.1007/978-3-540-87742-4},
  isbn = {978-3-540-87741-7}
}

@ARTICLE{Sahba2007,
  author = {Nishchal Bhalla and Sahba Kazerooni},
  title = {WEB SERVICES VULNERABILITIES},
  journal = {Security Compass Inc},
  year = {2007},
  owner = {Rogerio},
  timestamp = {2013.09.05}
}

@TECHREPORT{Bianco2007,
  author = {Bianco, Phil and Kotermanski,Rick and Merson,Paulo},
  title = {Evaluating a Service-Oriented Architecture},
  institution = {Carnegie Mellon University},
  year = {2007},
  owner = {Rogerio},
  timestamp = {2013.08.25}
}

@MISC{Booth2004,
  author = {Booth, David and Haas, Hugo and McCabe, Francis and Newcomer, Eric
	and Champion, Mike and Ferris, Christopher and Orchard, David},
  title = {Web Services Architecture},
  howpublished = {World Wide Web Consortium, Note NOTE-ws-arch-20040211},
  month = {February},
  year = {2004},
  abstract = {This document defines the Web Services Architecture. It identifies
	the functional components and defines the relationships among those
	components to effect the desired properties of the overall architecture.},
  added-at = {2010-06-17T17:35:00.000+0200},
  biburl = {http://www.bibsonomy.org/bibtex/249d28783446bf44cba9752567bfdbe84/munozjuan},
  description = {dret'd bibliography},
  interhash = {6af35120a2bdd56f1aef5f3337590a06},
  intrahash = {49d28783446bf44cba9752567bfdbe84},
  keywords = {services web},
  timestamp = {2010-06-17T17:35:00.000+0200},
  uri = {http://www.w3.org/TR/2004/NOTE-ws-arch-20040211}
}

@ARTICLE{Burrows1990,
  author = {Burrows, Michael and Abadi, Martin and Needham, Roger},
  title = {A Logic of Authentication},
  journal = {ACM Trans. Comput. Syst.},
  year = {1990},
  volume = {8},
  pages = {18--36},
  number = {1},
  month = feb,
  acmid = {77649},
  address = {New York, NY, USA},
  doi = {10.1145/77648.77649},
  issn = {0734-2071},
  issue_date = {Feb. 1990},
  numpages = {19},
  publisher = {ACM},
  url = {http://doi.acm.org/10.1145/77648.77649}
}

@BOOK{Cerami2002,
  title = {Web Services Essentials},
  publisher = {O'Reilly \& Associates, Inc.},
  year = {2002},
  editor = {St.Laurent, Simon},
  author = {Cerami, Ethan},
  address = {Sebastopol, CA, USA},
  edition = {1st},
  isbn = {0596002246}
}

@BOOK{Clements2010,
  title = {Documenting Software Architectures: Views and Beyond},
  publisher = {Addison-Wesley Professional},
  year = {2010},
  author = {Clements, Paul and Garlan, David and Bachmann, Felix and Ivers, James
	and Stafford, Judith and Bass, Len and Merson, Paulo},
  edition = {2nd},
  isbn = {0321552687, 9780321552686}
}

@ARTICLE{Coetzee2012,
  author = {Marijke Coetzee},
  title = {Towards a Holistic Information Security Governance Framework for
	SOA},
  journal = {2012 Seventh International Conference on Availability, Reliability
	and Security},
  year = {2012},
  volume = {0},
  pages = {155-160},
  address = {Los Alamitos, CA, USA},
  doi = {http://doi.ieeecomputersociety.org/10.1109/ARES.2012.62},
  isbn = {978-1-4673-2244-7},
  publisher = {IEEE Computer Society}
}

@BOOK{COYLE,
  title = {XML, Web Services, and the Data Revolution},
  publisher = {Boston: Addison-Wesley},
  year = {2002},
  author = {COYLE, F. P},
  owner = {Rogerio},
  timestamp = {2013.08.20}
}

@MISC{uddiufrj,
  author = {Sérgio Manuel Serra da Cruz},
  title = {Serviços Web Uma breve introdução},
  year = {2005},
  owner = {Rogerio},
  timestamp = {2013.08.21},
  url = {http://www.nce.ufrj.br/conceito/artigos/2005/01p1-1.htm}
}

@ARTICLE{greenwade93,
  author = {George D. Greenwade},
  title = {The {C}omprehensive {T}ex {A}rchive {N}etwork ({CTAN})},
  journal = {TUGBoat},
  year = {1993},
  volume = {14},
  pages = {342--351},
  number = {3}
}

@ARTICLE{scr2009,
  author = {Loiacono, Daniele and Lanzi, Pier Luca and Togelius, Julian and Onieva,
	Enrique and Pelta, David A and Butz, Martin V and L{\"o}nneker, Thies
	D and Cardamone, Luigi and Perez, Diego and S{\'a}ez, Yago and others},
  title = {The 2009 simulated car racing championship},
  journal = {Computational Intelligence and AI in Games, IEEE Transactions on},
  year = {2010},
  volume = {2},
  pages = {131--147},
  number = {2},
  publisher = {IEEE}
}

